<record><leader>00000cas a2200000 a 4500</leader><controlfield tag="001">34055546</controlfield><controlfield tag="008">960119d18901uuumiuwr ne      0    0eng c</controlfield><datafield ind1=" " ind2=" " tag="010"><subfield code="a">sn 95077655 </subfield></datafield><datafield ind1=" " ind2=" " tag="040"><subfield code="a">MHN</subfield><subfield code="b">eng</subfield><subfield code="c">MHN</subfield><subfield code="d">OCL</subfield><subfield code="d">OCLCQ</subfield><subfield code="d">OCLCF</subfield><subfield code="d">OCLCO</subfield></datafield><datafield ind1="1" ind2=" " tag="029"><subfield code="a">AU@</subfield><subfield code="b">000012204811</subfield></datafield><datafield ind1=" " ind2=" " tag="042"><subfield code="a">pcc</subfield></datafield><datafield ind1=" " ind2=" " tag="043"><subfield code="a">n-us-mi</subfield></datafield><datafield ind1="0" ind2="0" tag="245"><subfield code="a">Smiley's Kalamazoo County enterprise.</subfield></datafield><datafield ind1="1" ind2="7" tag="246"><subfield code="a">Smiley's enterprise</subfield></datafield><datafield ind1=" " ind2=" " tag="260"><subfield code="a">Galesburg, Mich. :</subfield><subfield code="b">Joseph Bert Smiley</subfield></datafield><datafield ind1=" " ind2=" " tag="300"><subfield code="a">v.</subfield></datafield><datafield ind1=" " ind2=" " tag="310"><subfield code="a">Weekly</subfield></datafield><datafield ind1="1" ind2=" " tag="362"><subfield code="a">Began in 1890?</subfield></datafield><datafield ind1=" " ind2=" " tag="580"><subfield code="a">Formed by the union of: Smiley's weekly, and: Kalamazoo County enterprise.</subfield></datafield><datafield ind1=" " ind2=" " tag="588"><subfield code="a">Description based on: Vol. 1, no. 14 (Oct. 25, 1890).</subfield></datafield><datafield ind1=" " ind2="0" tag="651"><subfield code="a">Galesburg (Mich.)</subfield><subfield code="v">Newspapers.</subfield></datafield><datafield ind1=" " ind2="0" tag="651"><subfield code="a">Kalamazoo County (Mich.)</subfield><subfield code="v">Newspapers.</subfield></datafield><datafield ind1=" " ind2="7" tag="655"><subfield code="a">Newspapers.</subfield><subfield code="2">fast</subfield><subfield code="0">(OCoLC)fst01423814</subfield></datafield><datafield ind1=" " ind2="7" tag="651"><subfield code="a">Michigan</subfield><subfield code="z">Galesburg.</subfield><subfield code="2">fast</subfield><subfield code="0">(OCoLC)fst01268662</subfield></datafield><datafield ind1=" " ind2="7" tag="651"><subfield code="a">Michigan</subfield><subfield code="z">Kalamazoo County.</subfield><subfield code="2">fast</subfield><subfield code="0">(OCoLC)fst01204722</subfield></datafield><datafield ind1=" " ind2=" " tag="752"><subfield code="a">United States</subfield><subfield code="b">Michigan</subfield><subfield code="c">Kalamazoo</subfield><subfield code="d">Galesburg.</subfield></datafield><datafield ind1="1" ind2="4" tag="780"><subfield code="t">Smiley's weekly</subfield><subfield code="w">(DLC)sn 99065382</subfield><subfield code="w">(OCoLC)40887893</subfield></datafield><datafield ind1="1" ind2="4" tag="780"><subfield code="t">Kalamazoo County enterprise</subfield><subfield code="w">(DLC)sn 95077654</subfield><subfield code="w">(OCoLC)34055485</subfield></datafield><datafield ind1="0" ind2="0" tag="785"><subfield code="t">Enterprise (Galesburg, Mich.)</subfield><subfield code="w">(DLC)sn 95077656</subfield><subfield code="w">(OCoLC)34055610</subfield></datafield></record>